@book{HeBIS-309344573,
title = {Engineering a compiler},
author = {Cooper, Keith D. ; Torczon, Linda},
address = {Amsterdam [u.a.]},
publisher = {Elsevier},
year = {2012},
edition = {2. ed.},
ISBN = {978-0-12-088478-0 ; 0-12-088478-X},
pages = {XXIII, 800 S.},
note = {Literaturverz. S. 765 - 785},
location = { [Signatur: dav 260 133 Aufl. 2];
[Signatur: dav 260 133 Aufl. 2];
},
url = {http://bvbr.bib-bvb.de:8991/F?func=service&doc_library=BVB01&doc_number=022516848&line_number=0001&func_code=DB_RECORDS&service_type=MEDIA},
}

@book{HeBIS-194410269,
title = {Compiler : Prinzipien, Techniken und Werkzeuge},
series = {it informatik},
editor = {Aho, Alfred V. ; Leuschel, Michael [Bearb.]},
address = {München [u.a.]},
publisher = {Pearson},
year = {2008},
edition = {2., aktualisierte Aufl.},
ISBN = {3-8273-7097-3 ; 978-3-8273-7097-6},
pages = {XXXVI, 1253 S.},
keywords = {Übersetzerbau ; Compiler},
note = {Literaturangaben},
location = { [Signatur: dav 260 118 Aufl. 2];
[Signatur: dav 260 118 Aufl. 2];
[Signatur: dav 260 118 Aufl. 2];
[Signatur: dav 250 124 Aufl. 2 +1];
[Signatur: dav 250 124 Aufl. 2 +2];
[Signatur: dav 250 124 Aufl. 2 +3];
[Signatur: dav 250 124 Aufl. 2 +4];
[Signatur: dav 250 124 Aufl. 2 +5];
[Signatur: dav 250 124 Aufl. 2 +6];
},
url = {http://d-nb.info/986650080/04 ; http://deposit.d-nb.de/cgi-bin/dokserv?id=3036044&prov=M&dok_var=1&dok_ext=htm},
}


@online{hbt,
	title = {height-balanced tree},
	date = {2004-12-20},
	url = {http://xlinux.nist.gov/dads/HTML/heightBalancedTree.html},
	organization = {National Institute of Standards and Technology},
	urldate = {2015-01-25},
}


@online{geeks,
	title = {How to determine if a binary tree is height-balanced?},
	url = {http://www.geeksforgeeks.org/how-to-determine-if-a-binary-tree-is-balanced},
	organization = {GeeksforGeeks},
	OPTurldate = {2015-01-25},
}


